\urlstyle{same}
@techreport{imbasurv,
	AUTHOR="\bibcorporate{IMBA Europe}",
	TITLE={IMBA European Mountain Bike Survey},
	INSTITUTION={International Mountain Bike Association},
	YEAR=2015,
	TYPE={Survey},
	URL={http://www.imba-europe.com/sites/default/files/IMBA_INFOGRAPHIC_final.pdf},
	URLDATE={24/09/2015}
}

@misc{giantstance,
	AUTHOR="\bibcorporate{Giant Manufacturing Co. Ltd.}",
	TITLE={Giant Stance},
	YEAR=2017,
	URL={https://www.giant-bicycles.com/en-gb/bikes/model/stance/28553/99239/},
	TYPE={Product Listing}
}

@article{fullsusperf,
	AUTHOR={Titlestad, J and Fairlie-Clarke, T and Davie, M and Whittaker, A and Grant, S},
	TITLE={Experimental Evaluation of Mountain Bike Suspension Systems},
	JOURNAL={Acta Polytechnica},
	PUBLISHER={Czech Technical University in Prague},
	YEAR={2003},
	VOLUME={43},
	SERIES={5},
	PAGES={15-20},
	ISBN={1210-2709}	
}

@article{roseonline,
	AUTHOR={Jonathon Harker},
	TITLE={German brand Rose hopes to bloom in Britain},
	YEAR={2010},
	URL={http://www.bikebiz.com/news/read/german-brand-rose-hopes-to-bloom-in-britain/08815},
	URLDATE={24/09/2016}
}

@article{ytonline,
	AUTHOR={Brian Staff},
	TITLE={YT Industries launches consumer-direct sales in North America, Oceania},
	YEAR={2015},
	URL={http://www.bicycleretailer.com/industry-news/2015/01/30/yt-industries-launches-consumer-direct-sales-north-america-oceania},
	URLDATE={24/09/2015}
}