\urlstyle{same}
@BOOK{DUMMY:1,
AUTHOR="John Doe",
TITLE="The Book without Title",
PUBLISHER="Dummy Publisher",
YEAR="2100"
}

@techreport{imbasurv,
AUTHOR="\bibcorporate{IMBA Europe}",
TITLE={IMBA European Mountain Bike Survey},
INSTITUTION={International Mountain Bike Association},
YEAR={2015},
TYPE={Survey},
URL={http://www.imba-europe.com/sites/default/files/IMBA_INFOGRAPHIC_final.pdf},
URLDATE={24/09/2015}
}
